<record><leader>00000cas a2200000 a 4500</leader><controlfield tag="001">13612008</controlfield><controlfield tag="008">860521d18991934scuwr ne      0    0eng d</controlfield><datafield ind1=" " ind2=" " tag="010"><subfield code="a">sn 86063751 </subfield></datafield><datafield ind1=" " ind2=" " tag="040"><subfield code="a">KSH</subfield><subfield code="b">eng</subfield><subfield code="c">KSH</subfield><subfield code="d">NPT</subfield><subfield code="d">SVN</subfield><subfield code="d">OCL</subfield><subfield code="d">OCLCQ</subfield></datafield><datafield ind1=" " ind2=" " tag="042"><subfield code="a">msc</subfield></datafield><datafield ind1="0" ind2="4" tag="245"><subfield code="a">The Dorchester eagle.</subfield></datafield><datafield ind1=" " ind2=" " tag="260"><subfield code="a">Saint George, S.C. :</subfield><subfield code="b">M.P. Felder</subfield></datafield><datafield ind1=" " ind2=" " tag="300"><subfield code="a">v. ;</subfield><subfield code="c">56 cm.</subfield></datafield><datafield ind1=" " ind2=" " tag="310"><subfield code="a">Weekly</subfield></datafield><datafield ind1="1" ind2=" " tag="362"><subfield code="a">Began in 1899; ceased in 1934.</subfield></datafield><datafield ind1=" " ind2=" " tag="588"><subfield code="a">Description based on: Vol. 13, no. 42 (Oct. 20, 1911).</subfield></datafield><datafield ind1=" " ind2="4" tag="651"><subfield code="a">Dorchester County (S.C.)</subfield><subfield code="v">Newspapers.</subfield></datafield><datafield ind1=" " ind2=" " tag="752"><subfield code="a">United States</subfield><subfield code="b">South Carolina</subfield><subfield code="c">Dorchester</subfield><subfield code="d">Saint George.</subfield></datafield><datafield ind1="0" ind2="7" tag="785"><subfield code="t">Dorchester County record</subfield><subfield code="w">(DLC)sn 93067706</subfield></datafield><datafield ind1="0" ind2="7" tag="785"><subfield code="t">Dorchester eagle-record</subfield><subfield code="w">(DLC)sn 86063751</subfield></datafield><datafield ind1="1" ind2=" " tag="029"><subfield code="a">AU@</subfield><subfield code="b">000022168893</subfield></datafield></record>